@article{bnn,
  author    = {Matthieu Courbariaux and
               Yoshua Bengio},
  title     = {BinaryNet: Training Deep Neural Networks with Weights and Activations
               Constrained to +1 or -1},
  journal   = {CoRR},
  volume    = {abs/1602.02830},
  year      = {2016},
  url       = {http://arxiv.org/abs/1602.02830},
  archivePrefix = {arXiv},
  eprint    = {1602.02830},
  timestamp = {Wed, 07 Jun 2017 14:40:37 +0200},
  biburl    = {https://dblp.org/rec/bib/journals/corr/CourbariauxB16},
  bibsource = {dblp computer science bibliography, https://dblp.org}
}


@article{mnist,
  added-at = {2010-06-28T21:16:30.000+0200},
  author = {LeCun, Yann and Cortes, Corinna},
  biburl = {https://www.bibsonomy.org/bibtex/2935bad99fa1f65e03c25b315aa3c1032/mhwombat},
  groups = {public},
  howpublished = {http://yann.lecun.com/exdb/mnist/},
  interhash = {21b9d0558bd66279df9452562df6e6f3},
  intrahash = {935bad99fa1f65e03c25b315aa3c1032},
  keywords = {MSc _checked character_recognition mnist network neural},
  lastchecked = {2016-01-14 14:24:11},
  timestamp = {2016-07-12T19:25:30.000+0200},
  title = {{MNIST} handwritten digit database},
  url = {http://yann.lecun.com/exdb/mnist/},
  username = {mhwombat},
  year = 2010
}


@article{fashionmnist,
  author    = {Han Xiao and
               Kashif Rasul and
               Roland Vollgraf},
  title     = {Fashion-MNIST: a Novel Image Dataset for Benchmarking Machine Learning
               Algorithms},
  journal   = {CoRR},
  volume    = {abs/1708.07747},
  year      = {2017},
  url       = {http://arxiv.org/abs/1708.07747},
  archivePrefix = {arXiv},
  eprint    = {1708.07747},
  timestamp = {Tue, 05 Sep 2017 10:03:46 +0200},
  biburl    = {https://dblp.org/rec/bib/journals/corr/abs-1708-07747},
  bibsource = {dblp computer science bibliography, https://dblp.org}
}
maintained by Schloss Dagstuhl LZI at University of Trier	homebrowsesearchabout
